@misc{ransomware,
  author = {Federal Bureau of Investigation},
  title = {Ransomware},
  howpublished = "\url{https://www.fbi.gov/scams-and-safety/common-scams-and-crimes/ransomware}",
  note = "[Online; accessed 11-April-2021]"
}

@misc{ryuk,
  author = {WikiMedia},
  title = {Ryuk Ransomware},
  howpublished = "\url{https://en.wikipedia.org/wiki/Ryuk\_(ransomware)}",
  note = "[Online; accessed 11-April-2021]"
}

@misc{phishing,
  author = {WikiMedia},
  title = {Phishing},
  howpublished = "\url{https://en.wikipedia.org/wiki/Phishing}",
  note = "[Online; accessed 11-April-2021]"
}

@misc{socialEngg,
  author = {WikiMedia},
  title = {Social Engineering},
  howpublished = "\url{https://en.wikipedia.org/wiki/Social\_engineering\_security}",
  note = "[Online; accessed 11-April-2021]"
}

@misc{virustotal,
  author = {VirusTotal},
  title = {Ryuk Family Identification},
  howpublished = "\url{https://www.virustotal.com/gui/file/98ece6bcafa296326654db862140520afc19cfa0b4a76a5950deedb2618097ab/detection}",
  note = "[Online; accessed 12-April-2021]"
}

@misc{stoppedServices,
  author = {Naman Arora},
  title = {Ryuk Services Stopped},
  howpublished = "\url{https://gist.github.com/r0ck3r008/3f9196e4810174011db41708c009b420}",
  note = "[Online; accessed 13-April-2021]"
}

@misc{stoppedProcesses,
  author = {Naman Arora},
  title = {Ryuk Processes Stopped},
  howpublished = "\url{https://gist.github.com/r0ck3r008/1271cd18978a5419b99e19b194e21ac4}",
  note = "[Online; accessed 13-April-2021]"
}

@misc{window,
  author = {Naman Arora},
  title = {Ryuk Anti-Backup Script},
  howpublished = "\url{https://gist.github.com/r0ck3r008/29be0fbe8cdb0b51fa8843407f8a3a64}",
  note = "[Online; accessed 13-April-2021]"
}

@misc{ryukReadme,
  author = {Naman Arora},
  title = {Ryuk ReadMe.txt},
  howpublished = "\url{https://gist.github.com/r0ck3r008/ab3016169b42e331b9bfe25163348037}",
  note = "[Online; accessed 13-April-2021]"
}

@misc{yara,
  author = {Naman Arora},
  title = {Ryuk YARA Rule},
  howpublished = "\url{https://gist.github.com/r0ck3r008/64343f9ebe4dadeef8f5ad05ebc5b1ab}",
  note = "[Online; accessed 13-April-2021]"
}